@inproceedings{HeBTGGMS13,
  author    = {Jun He and
               John Bent and
               Aaron Torres and
               Gary Grider and
               Garth A. Gibson and
               Carlos Maltzahn and
               Xian-He Sun},
  title     = {I/O acceleration with pattern detection},
  booktitle = {HPDC},
  year      = {2013},
  pages     = {25-36},
}

@inproceedings{bent2009plfs,
  title={PLFS: a checkpoint filesystem for parallel applications},
  author={Bent, John and Gibson, Garth and Grider, Gary and McClelland, Ben and Nowoczynski, Paul and Nunez, James and Polte, Milo and Wingate, Meghan},
  booktitle={Proceedings of the Conference on High Performance Computing Networking, Storage and Analysis},
  pages={21},
  year={2009},
  organization={ACM}
}

@article{garey1976complexity,
  title={The complexity of flowshop and jobshop scheduling},
  author={Garey, Michael R and Johnson, David S and Sethi, Ravi},
  journal={Mathematics of operations research},
  volume={1},
  number={2},
  pages={117--129},
  year={1976},
  publisher={INFORMS}
}

@article{adams1988shifting,
  title={The shifting bottleneck procedure for job shop scheduling},
  author={Adams, Joseph and Balas, Egon and Zawack, Daniel},
  journal={Management science},
  volume={34},
  number={3},
  pages={391--401},
  year={1988},
  publisher={INFORMS}
}
 
@misc{plfsmap,
  title = {PLFS traces},
  howpublished = {{http://institute.lanl.gov/plfs/maps/}}
  }
